<?xml version="1.0" encoding="UTF-8"?><collection><record><leader>06732ntm a2200577 a 4500</leader><controlfield tag="001">006080184</controlfield><controlfield tag="003">MiAaHDL</controlfield><controlfield tag="005">20190719000000.0</controlfield><controlfield tag="006">m        d        </controlfield><controlfield tag="007">cr bn ---auaua</controlfield><controlfield tag="008">090414s1760    xx            00| ||ara d</controlfield><datafield tag="035" ind1=" " ind2=" "><subfield code="a">(MiU)006080184</subfield></datafield><datafield tag="035" ind1=" " ind2=" "><subfield code="a">sdr-miu006080184</subfield></datafield><datafield tag="040" ind1=" " ind2=" "><subfield code="a">MiU</subfield><subfield code="c">MiU</subfield><subfield code="e">amremm</subfield></datafield><datafield tag="043" ind1=" " ind2=" "><subfield code="a">n-us-mi</subfield></datafield><datafield tag="100" ind1="1" ind2=" "><subfield code="6">880-01</subfield><subfield code="a">Muḥarram ibn Muḥammad,</subfield><subfield code="d">-approximately 1601.</subfield></datafield><datafield tag="240" ind1="1" ind2="0"><subfield code="6">880-02</subfield><subfield code="a">Hadīyat al-ṣuʻlūk sharḥ Tuḥfat al-mulūk</subfield></datafield><datafield tag="245" ind1="1" ind2="0"><subfield code="6">880-03</subfield><subfield code="a">Hādhā sharḥ Tuḥfat al-mulūk al-musammá bi-al-Ṣuʻlūk,</subfield><subfield code="f">[1174, i.e. 1760].</subfield></datafield><datafield tag="260" ind1=" " ind2=" "><subfield code="a">[Erzurum,</subfield><subfield code="c">1760]</subfield></datafield><datafield tag="300" ind1=" " ind2=" "><subfield code="a">192 leaves :</subfield><subfield code="b">paper ;</subfield><subfield code="c">220 x 165 (170 x 105) mm. bound to 220 x 160 (165) mm.</subfield></datafield><datafield tag="500" ind1=" " ind2=" "><subfield code="a">Shelfmark: Ann Arbor, University of Michigan, Special Collections Library, Isl. Ms. 74</subfield></datafield><datafield tag="500" ind1=" " ind2=" "><subfield code="a">Origin: As appears in colophon on fol.192a, copied by Khalīl ibn Ḥusayn ibn Khalīl ibn Muḥammad ibn Ḥasan. Transcription finished ("qad waqaʻat istirāḥat al-qalam min taswīd hādhā al-kitāb...") in the latter part of Rabīʻ I 1174 H / October 1760.</subfield></datafield><datafield tag="500" ind1=" " ind2=" "><subfield code="a">Accompanying materials: Ottoman stamp tucked in between fol.96 and 97 (Western pagination).</subfield></datafield><datafield tag="500" ind1=" " ind2=" "><subfield code="a">Former shelfmark: British Museum, London "No. 151. Commentary on Tuhfat al-muluk."</subfield></datafield><datafield tag="500" ind1=" " ind2=" "><subfield code="a">Binding: Pasteboards covered in brown leather and worn marbled paper ; once Type II binding (with flap) though flap is now missing (leather burn staining from envelope flap on opening leaf) ; board linings in paper, hinges in lime green silk ; upper and lower covers carry traces of blind-stamped decoration (now obliterated) including central mandorla and cornerpiece, off-center as board was cut down to fit this text block (recycled covers) ; very worn and in poor condition ; repair to upper joint in green textile.</subfield></datafield><datafield tag="500" ind1=" " ind2=" "><subfield code="a">Support: European laid paper with 11 laid lines per cm. (vertical), chain lines spaced 22-24 mm. apart (horizontal), and watermarks of crossbow (arbalète, see p.6, 8, etc.) and three small hats (tre cappelli, see p.10, etc.), thin and crisp though quite sturdy, bright cream in color, well-burnished to glossy.</subfield></datafield><datafield tag="500" ind1=" " ind2=" "><subfield code="a">Decoration: Text rubricated with chapter headings, overlining, etc. in red.</subfield></datafield><datafield tag="500" ind1=" " ind2=" "><subfield code="a">Script: Naskh ; Turkish hand in a medium to bold line ; virtually serifless with slight effect of words descending to baseline and of inclination to the left, pointing (for two and three dots) in strokes, point of final nūn fully encircled by bowl.</subfield></datafield><datafield tag="500" ind1=" " ind2=" "><subfield code="a">Layout: Written in 21 lines per page ; impression of ruling-board evident.</subfield></datafield><datafield tag="500" ind1=" " ind2=" "><subfield code="a">Collation: 18 V (180), VI (192) ; quaternions followed by a sexternion ; foliation in black ink, Hindu-Arabic numerals skipping leaf between ٥٥ and ٥٦ ; catchwords present ; pagination added later in pencil, Western numerals.</subfield></datafield><datafield tag="500" ind1=" " ind2=" "><subfield code="a">Colophon: "Scribal," rectangular, reads: "قد وقعت استراحة القلم من تسويد هذا الكتاب بعون الله الملك الوهاب في يد اضعف الطلاب حين انخراط سلك الطلاب خليل بن حسين بن خليل بن خليل [?] بن محمد بن حسن غفر الله له ولوالدي واحسن اليهم واليه في بلدة ارض روم في مدرسة رضائية في محلة يكن احمد اغا في شهر عشر الآخر من ربيع الاول في يوم جار شنبة بين الظهر والعصر سنة اربعة وسبعين ومائة بعد الالف من هجرة النبي المصطفى صلى الله عليه وعلى جميع الانبياء والمرسلين والحمد لله رب العالمين وعلى اله وصحبه اجمعين سنة ١١٧٤"</subfield></datafield><datafield tag="500" ind1=" " ind2=" "><subfield code="a">Explicit: "فان كان الوارث واحدا من اصحاب الفروض النبي اخذ كل المال بالرد لا بالفرض ثم مسائل اربعة اقسام فليطلب في المطولات"</subfield></datafield><datafield tag="500" ind1=" " ind2=" "><subfield code="a">Incipit: "الحمد لله الذي جعل قلوب العلماء [مرايا] جمال معاني الهداية..."</subfield></datafield><datafield tag="500" ind1=" " ind2=" "><subfield code="a">Title from opening.</subfield></datafield><datafield tag="500" ind1=" " ind2=" "><subfield code="a">Ms. codex.</subfield></datafield><datafield tag="510" ind1="4" ind2=" "><subfield code="a">Brockelmann, C. GAL,</subfield><subfield code="c">I 383 ; S I 659</subfield></datafield><datafield tag="520" ind1="8" ind2=" "><subfield code="a">Commentary by Abū al-Layth al-Muḥarram ibn Muḥammad ibn al-ʻĀrif al-Zīʻlī (al-Zaylāʻī) on Tuḥfat al-mulūk, al-Rāzī's treatise on Ḥanafī law. Includes many comments and reading notes in margins and at front with excerpts from other works including Kitāb al-waṣāyā and Manāqib al-Imām al-aʻẓam Abī Ḥanīfah. Also includes table of contents.</subfield></datafield><datafield tag="538" ind1=" " ind2=" "><subfield code="a">Mode of access: Internet.</subfield></datafield><datafield tag="541" ind1=" " ind2=" "><subfield code="c">Purchase ;</subfield><subfield code="a">Acquired by purchase along with Abdul Hamid Collection (funds donated by Horace Rackham).</subfield><subfield code="d">1924.</subfield></datafield><datafield tag="546" ind1=" " ind2=" "><subfield code="a">Arabic.</subfield></datafield><datafield tag="561" ind1=" " ind2=" "><subfield code="a">Bookplate of British Museum, London on inner front cover, "No. 151. Commentary on Tuhfat al-muluk."; circular seal impression with figure of goat/gazelle in purple ink as well as purple penciled inscription "180" in Western numerals on recto of front flyleaf; on paper pasted on fol.2a, a detailed waqf statement dated 1262 [1845 or 6] in the name of al-Sayyid ʻAbd Allāh Adīb (Abdullah Edip), known as Jannatʹzādah (Cennet-zade), qāḍī of Erzurum, accompanied by his seal, reads: "وقفت وقفا صحيحا شرعيا على ان لا يخرج من بيت الكتب الملتصق بداري الا لعلماء سكنوا بارضروم بكفيل مرعي اورهن قوي وانا الفقير اليه عز شانه السيد عبد الله اديب الشهير بجنتزاده القاضي بمدينة ارضروم في سنة اثنى وستين ومائتين والف"; many mistakes and marginal corrections employing signes-de-renvoir such as caret (see fol.2a); scribal verses accompanying colophon read: "الخط باقي [كذا] والعمر فاني [كذا] والعبد عاصي [كذا] والرب عافي [كذا]."</subfield></datafield><datafield tag="600" ind1="1" ind2="0"><subfield code="a">Rāzī, Muḥammad ibn Abī Bakr,</subfield><subfield code="d">active 1261.</subfield><subfield code="t">Tuḥfat al-mulūk.</subfield></datafield><datafield tag="650" ind1=" " ind2="0"><subfield code="a">Manuscripts, Arabic</subfield><subfield code="z">Michigan</subfield><subfield code="z">Ann Arbor.</subfield></datafield><datafield tag="650" ind1=" " ind2="0"><subfield code="a">Hanafites</subfield><subfield code="v">Early works to 1800.</subfield></datafield><datafield tag="650" ind1=" " ind2="0"><subfield code="a">Islamic law</subfield><subfield code="v">Early works to 1800.</subfield></datafield><datafield tag="700" ind1="0" ind2=" "><subfield code="6">880-04</subfield><subfield code="a">Khalīl ibn Ḥusayn ibn Khalīl ibn Muḥammad ibn Ḥasan,</subfield><subfield code="d">fl. 18th cent.,</subfield><subfield code="e">scribe.</subfield></datafield><datafield tag="773" ind1="0" ind2=" "><subfield code="a">Tiflis Collection.</subfield></datafield><datafield tag="880" ind1="0" ind2=" "><subfield code="6">700-04/</subfield><subfield code="a">خليل بن حسين بن خليل بن محمد بن حسن,</subfield><subfield code="e">ناسخ.</subfield></datafield><datafield tag="880" ind1="1" ind2="0"><subfield code="6">245-03/</subfield><subfield code="a">هذا شرح تحفة الملوك المسمى بالصعلوك,</subfield><subfield code="f">[1174ه, 1760م].</subfield></datafield><datafield tag="880" ind1="1" ind2="0"><subfield code="6">240-02/</subfield><subfield code="a">هدية الصعلوك شرح تحفة الملوك</subfield></datafield><datafield tag="880" ind1="1" ind2=" "><subfield code="6">100-01/</subfield><subfield code="a">محرم بن محمد.</subfield></datafield><datafield tag="CID" ind1=" " ind2=" "><subfield code="a">006080184</subfield></datafield><datafield tag="DAT" ind1="0" ind2=" "><subfield code="a">20190719102634.0</subfield><subfield code="b">20190719000000.0</subfield></datafield><datafield tag="DAT" ind1="1" ind2=" "><subfield code="a">20190719090653.0</subfield><subfield code="b">2019-07-19T16:10:50Z</subfield></datafield><datafield tag="DAT" ind1="2" ind2=" "><subfield code="a">2015-10-10T18:00:06Z</subfield></datafield><datafield tag="CAT" ind1=" " ind2=" "><subfield code="a">SDR-MIU</subfield><subfield code="d">EX LIBRIS - ALEPH</subfield><subfield code="l">prepare.pl-004-008</subfield></datafield><datafield tag="FMT" ind1=" " ind2=" "><subfield code="a">BK</subfield></datafield><datafield tag="HOL" ind1=" " ind2=" "><subfield code="0">sdr-miu006080184</subfield><subfield code="a">MiU</subfield><subfield code="b">SDR</subfield><subfield code="c">MIU</subfield><subfield code="p">mdp.39015079124999</subfield><subfield code="s">MIU</subfield><subfield code="1">006080184</subfield></datafield><datafield tag="974" ind1=" " ind2=" "><subfield code="b">MIU</subfield><subfield code="c">MIU</subfield><subfield code="d">20190719</subfield><subfield code="s">lit-dlps-dc</subfield><subfield code="u">mdp.39015079124999</subfield><subfield code="y">1760</subfield><subfield code="r">pd</subfield><subfield code="q">bib</subfield><subfield code="t">non-US bib date1 &lt; 1896</subfield></datafield></record></collection>